@article{huang2004attacking,
  title={Attacking visible watermarking schemes},
  author={Huang, Chun-Hsiang and Wu, Ja-Ling},
  journal={IEEE transactions on multimedia},
  volume={6},
  number={1},
  pages={16--30},
  year={2004},
  publisher={IEEE}
}

@inproceedings{dekel2017effectiveness,
  title={On the effectiveness of visible watermarks},
  author={Dekel, Tali and Rubinstein, Michael and Liu, Ce and Freeman, William T},
  booktitle={Proceedings of the IEEE Conference on Computer Vision and Pattern Recognition},
  pages={2146--2154},
  year={2017}
}

@inproceedings{dashti2015video,
  title={Video logo removal using iterative subsequent matching},
  author={Dashti, Maryam and Safabakhsh, Reza and Pourfard, Mohammadreza and Abdollahifard, Mohammadjavad},
  booktitle={2015 The International Symposium on Artificial Intelligence and Signal Processing (AISP)},
  pages={84--88},
  year={2015},
  organization={IEEE}
}

@inproceedings{cheng2018large,
  title={Large-scale visible watermark detection and removal with deep convolutional networks},
  author={Cheng, Danni and Li, Xiang and Li, Wei-Hong and Lu, Chan and Li, Fake and Zhao, Hua and Zheng, Wei-Shi},
  booktitle={Pattern Recognition and Computer Vision: First Chinese Conference, PRCV 2018, Guangzhou, China, November 23-26, 2018, Proceedings, Part III 1},
  pages={27--40},
  year={2018},
  organization={Springer}
}

@inproceedings{li2019towards,
  title={Towards photo-realistic visible watermark removal with conditional generative adversarial networks},
  author={Li, Xiang and Lu, Chan and Cheng, Danni and Li, Wei-Hong and Cao, Mei and Liu, Bo and Ma, Jiechao and Zheng, Wei-Shi},
  booktitle={Image and Graphics: 10th International Conference, ICIG 2019, Beijing, China, August 23--25, 2019, Proceedings, Part I 10},
  pages={345--356},
  year={2019},
  organization={Springer}
}

@article{jiang2020two,
  title={Two-stage visible watermark removal architecture based on deep learning},
  author={Jiang, Pei and He, Shiwen and Yu, Hufei and Zhang, Yaoxue},
  journal={IET Image Processing},
  volume={14},
  number={15},
  pages={3819--3828},
  year={2020},
  publisher={Wiley Online Library}
}

@inproceedings{hertz2019blind,
  title={Blind visual motif removal from a single image},
  author={Hertz, Amir and Fogel, Sharon and Hanocka, Rana and Giryes, Raja and Cohen-Or, Daniel},
  booktitle={Proceedings of the IEEE/CVF Conference on Computer Vision and Pattern Recognition},
  pages={6858--6867},
  year={2019}
}

@inproceedings{liu2021wdnet,
  title={Wdnet: Watermark-decomposition network for visible watermark removal},
  author={Liu, Yang and Zhu, Zhen and Bai, Xiang},
  booktitle={Proceedings of the IEEE/CVF Winter Conference on Applications of Computer Vision},
  pages={3685--3693},
  year={2021}
}

@inproceedings{cun2021split,
  title={Split then refine: stacked attention-guided ResUNets for blind single image visible watermark removal},
  author={Cun, Xiaodong and Pun, Chi-Man},
  booktitle={Proceedings of the AAAI Conference on Artificial Intelligence},
  volume={35},
  number={2},
  pages={1184--1192},
  year={2021}
}

@inproceedings{liang2021visible,
  title={Visible watermark removal via self-calibrated localization and background refinement},
  author={Liang, Jing and Niu, Li and Guo, Fengjun and Long, Teng and Zhang, Liqing},
  booktitle={Proceedings of the 29th ACM International Conference on Multimedia},
  pages={4426--4434},
  year={2021}
}

@inproceedings{li2022towards,
  title={Towards an end-to-end framework for flow-guided video inpainting},
  author={Li, Zhen and Lu, Cheng-Ze and Qin, Jianhua and Guo, Chun-Le and Cheng, Ming-Ming},
  booktitle={Proceedings of the IEEE/CVF Conference on Computer Vision and Pattern Recognition},
  pages={17562--17571},
  year={2022}
}

@inproceedings{ye2022deformable,
  title={Deformable sprites for unsupervised video decomposition},
  author={Ye, Vickie and Li, Zhengqi and Tucker, Richard and Kanazawa, Angjoo and Snavely, Noah},
  booktitle={Proceedings of the IEEE/CVF Conference on Computer Vision and Pattern Recognition},
  pages={2657--2666},
  year={2022}
}

@article{yildirim2023inst,
  title={Inst-Inpaint: Instructing to Remove Objects with Diffusion Models},
  author={Yildirim, Ahmet Burak and Baday, Vedat and Erdem, Erkut and Erdem, Aykut and Dundar, Aysegul},
  journal={arXiv preprint arXiv:2304.03246},
  year={2023}
}

@inproceedings{rombach2022high,
  title={High-resolution image synthesis with latent diffusion models},
  author={Rombach, Robin and Blattmann, Andreas and Lorenz, Dominik and Esser, Patrick and Ommer, Bj{\"o}rn},
  booktitle={Proceedings of the IEEE/CVF Conference on Computer Vision and Pattern Recognition},
  pages={10684--10695},
  year={2022}
}

@article{fernandez2023stable,
  title={The stable signature: Rooting watermarks in latent diffusion models},
  author={Fernandez, Pierre and Couairon, Guillaume and J{\'e}gou, Herv{\'e} and Douze, Matthijs and Furon, Teddy},
  journal={arXiv preprint arXiv:2303.15435},
  year={2023}
}